<record><leader>00000cas a22000007a 4500</leader><controlfield tag="001">19282889</controlfield><controlfield tag="008">890301d19041914ndudr ne      0    0eng d</controlfield><datafield ind1=" " ind2=" " tag="010"><subfield code="a">sn 89074028 </subfield></datafield><datafield ind1=" " ind2=" " tag="040"><subfield code="a">NOP</subfield><subfield code="b">eng</subfield><subfield code="c">NOP</subfield><subfield code="d">OCLCQ</subfield></datafield><datafield ind1=" " ind2=" " tag="042"><subfield code="a">msc</subfield></datafield><datafield ind1="0" ind2="4" tag="245"><subfield code="a">The Minot daily optic.</subfield></datafield><datafield ind1=" " ind2=" " tag="260"><subfield code="a">Minot, N.D. :</subfield><subfield code="b">W.C. Palmer and E.L. Zimmerman</subfield></datafield><datafield ind1=" " ind2=" " tag="300"><subfield code="a">v. :</subfield><subfield code="b">ill. ;</subfield><subfield code="c">57-60 cm.</subfield></datafield><datafield ind1=" " ind2=" " tag="310"><subfield code="a">Daily</subfield></datafield><datafield ind1="0" ind2=" " tag="362"><subfield code="a">Vol. 5, no. 217 (Jan. 30, 1904)- ; -May 6, 1914.</subfield></datafield><datafield ind1=" " ind2=" " tag="500"><subfield code="a">Official paper of Ward County.</subfield></datafield><datafield ind1=" " ind2=" " tag="500"><subfield code="a">Special "Historical and Industrial Edition" published June 1, 1907, "Progress and Agricultural Review of Northwestern North Dakota" published June 18, 1908.</subfield></datafield><datafield ind1=" " ind2=" " tag="515"><subfield code="a">Included numbering for the weekly edition for a brief time.</subfield></datafield><datafield ind1=" " ind2=" " tag="530"><subfield code="a">Available on microfilm from the State Historical Societry of North Dakota.</subfield></datafield><datafield ind1=" " ind2=" " tag="752"><subfield code="a">United States</subfield><subfield code="b">North Dakota</subfield><subfield code="c">Ward</subfield><subfield code="d">Minot.</subfield></datafield><datafield ind1="0" ind2=" " tag="775"><subfield code="t">Minot weekly optic</subfield><subfield code="w">(DLC)sn 89074025</subfield></datafield><datafield ind1="0" ind2="0" tag="780"><subfield code="t">Minot optic (Minot, N.D. : 1900)</subfield><subfield code="w">(DLC)sn 89074027</subfield></datafield><datafield ind1="0" ind2="7" tag="785"><subfield code="t">Minot daily reporter</subfield><subfield code="w">(DLC)sn 89074031</subfield></datafield><datafield ind1="0" ind2="7" tag="785"><subfield code="t">Minot daily optic-reporter (Minot, N.D. : 1914)</subfield><subfield code="w">(DLC)sn 89074032</subfield></datafield></record>